@preamble{ "\newcommand{\noopsort}[1]{} "
	# "\newcommand{\printfirst}[2]{#1} "
	# "\newcommand{\singleletter}[1]{#1} "
	# "\newcommand{\switchargs}[2]{#2#1} " }

@article{clanok,
    title = 	{Názov článku z časopisu},
    author =	{X. Autor1 and Y. Autor2},
    journal = {Názov časopisu, ktorý článok uverejnil},
    volume = {4},
    number = {3},
    year = {1900},
    pages = {1-100},
}

@inproceedings{akkouche2001adaptive,
  title={Adaptive implicit surface polygonization using marching triangles},
  author={Akkouche, Samir and Galin, Eric},
  booktitle={Computer Graphics Forum},
  volume={20},
  number={2},
  pages={67--80},
  year={2001},
  organization={Wiley Online Library}
}

@article{lorensen1987marching,
  title={Marching cubes: A high resolution 3D surface construction algorithm},
  author={Lorensen, William E and Cline, Harvey E},
  journal={ACM siggraph computer graphics},
  volume={21},
  number={4},
  pages={163--169},
  year={1987},
  publisher={ACM New York, NY, USA}
}

@inproceedings{hilton1996marching,
  title={Marching triangles: range image fusion for complex object modelling},
  author={Hilton, Adrian and Stoddart, Andrew J and Illingworth, John and Windeatt, Terry},
  booktitle={Proceedings of 3rd IEEE international conference on image processing},
  volume={2},
  pages={381--384},
  year={1996},
  organization={IEEE}
}

@article{doi1991efficient,
  title={An efficient method of triangulating equi-valued surfaces by using tetrahedral cells},
  author={Doi, Akio and Koide, Akio},
  journal={IEICE TRANSACTIONS on Information and Systems},
  volume={74},
  number={1},
  pages={214--224},
  year={1991},
  publisher={The Institute of Electronics, Information and Communication Engineers}
}

@article{hilton1997marching,
  title={Marching triangles: Delaunay implicit surface triangulation},
  author={Hilton, Adrian and Illingworth, John and others},
  journal={University of Surrey},
  year={1997}
}

@article{boissonnat1984geometric,
  title={Geometric structures for three-dimensional shape representation},
  author={Boissonnat, Jean-Daniel},
  journal={ACM Transactions on Graphics (TOG)},
  volume={3},
  number={4},
  pages={266--286},
  year={1984},
  publisher={ACM New York, NY, USA}
}

@Book{kniha,
    author ={X. Autor1 and Y. Autor2},
    title =        {Názov knihy},
    publisher =    {Vydavateľstvo},
    year =         {1900},
}


@techreport{technical_report,
    author =	{X. Autor1 and Y. Autor2},
    title= {Názov technickej správy},
    year={June 1999},
    institution = {Inštitút vydávajúci správu},
    number = {TR123/1999}
}

@inproceedings{clanok_na_konferencii,
    author =	{X. Autor1 and Y. Autor2},
    title = {Názov článku (väčšinou z konferencie)},
    booktitle = {Názov zborníka (väčšinou názov konferencie spolu s ročníkom)},
    year = {1900},
    pages = {1-100},
    publisher = {Vydavateľstvo},
}    
    
@misc{smernica,
 title={Vnútorný predpis č. 7/2018, {Ú}plné znenie vnútorného predpisu
 č. 12/2013 {S}mernice rektora {U}niverzity {K}omenského v
 {B}ratislave o základných náležitostiach záverečných
 prác, rigoróznych prác a habilitačných prác, kontrole
 ich originality, uchovávaní a sprístupňovaní na
 {U}niverzite {K}omenského v {B}ratislave v znení dodatku
 č. 1 a dodatku č. 2 Smernica rektora {U}niverzity
 {K}omenského v {B}ratislave o základných
 náležitostiach záverečných prác, rigoróznych prác a
 habilitačných prác, kontrole ich originality,
 uchovávaní a sprístupňovaní na {U}niverzite
 {K}omenského v {B}ratislave},
 author={{Univerzita Komenského v Bratislave}},
 year={2013},
 note={[Citované 2020-10-19] Dostupné z \url{https://uniba.sk/fileadmin/ruk/legislativa/2018/Vp_2018_07.pdf}},
}

@Book{Oetiker2000,
  author = 	 {Tobias Oetiker and Hubert Partl and Irene Hyna and Elisabeth Schlegl},
  title = 	 {Nie príliš stručný úvod do systému {LaTeX2e}},
  year = 	 {2002},
  note = {Preklad Ján Buša ml. a st}
}

